@article{chrowned,
  author = {Moreno, José Miguel and Narseo Vallina-Rodriguez and Tapiador, Juan},
  month = {07},
  publisher = {Cornell University},
  title = {Chrowned by an Extension: Abusing the Chrome DevTools Protocol through the Debugger API},
  doi = {10.1109/eurosp57164.2023.00054},
  urldate = {2025-02-09},
  year = {2023},
  journal = {arXiv (Cornell University)}
}

@misc{edge,
  author = {MSEdgeTeam},
  month = {07},
  title = {Overview of DevTools - Microsoft Edge Development},
  url = {https://learn.microsoft.com/en-us/microsoft-edge/devtools-guide-chromium/overview},
  urldate = {0010-01-2025},
  year = {2023},
  organization = {Microsoft Learn}
}

@book{odell_2014_pro,
  author = {Odell, Den},
  pages = {423-437},
  publisher = {Berkeley, Ca Apress},
  title = {Pro JavaScript Development Coding, Capabilities, and Tooling},
  year = {2014}
}

@misc{apple,
  title = {Web Inspector | Apple Developer Documentation},
  url = {https://developer.apple.com/documentation/safari-developer-tools/web-inspector},
  urldate = {2025-02-09},
  year = {2025},
  organization = {Apple Developer Documentation}
}

@misc{chrome,
  title = {Visão geral | Chrome DevTools},
  url = {https://developer.chrome.com/docs/devtools/overview?hl=pt-br},
  urldate = {2025-02-09},
  year = {2016},
  organization = {Chrome for Developers}
}

@misc{firefox,
  title = {Firefox DevTools User Docs — Firefox Source Docs documentation},
  url = {https://firefox-source-docs.mozilla.org/devtools-user/},
  organization = {Firefox Source Tree Documentation}
}

@article{feedbackdirected,
  author = {Lehmann, Daniel and Pradel, Michael},
  month = {09},
  title = {Feedback-Directed Differential Testing of Interactive Debuggers (Artifact)},
  doi = {10.1145/3277000},
  urldate = {2025-02-09},
  year = {2018},
  journal = {Artifact Digital Object Group}
}

@article{analise-exploratoria,
  title={Princípios e procedimentos de análise exploratória de dados.},
  author={J. Behrens},
  journal={Psychological Methods},
  year={1997},
  volume={2},
  pages={131-160},
  doi={10.1037/1082-989X.2.2.131}
}

@article{tecnologia-web,
  title={Tecnologias atuais e prevalentes no currículo da web},
  author={Ronald J. Glotzbach},
  journal={Education and New Developments 2024 – Volume 1},
  year={2024},
  doi={10.36315/2024v1end019}
}

@misc{git,
  title = {Git Documentation},
  year = {2025},
  url = {https://git-scm.com/docs},
  note = {Accessed June 8, 2025},
}

@misc{cypress,
  title = {Cypress Documentation},
  url = {https://docs.cypress.io/},
  urldate = {2025-06-08},
  author = {{Cypress.io}},
  note = {Accessed on June 8, 2025}
}

@misc{print-mac,
  title = {Fazer uma captura de tela no Mac - Suporte da Apple (BR)},
  url = {https://support.apple.com/pt-br/102646},
  urldate = {2025-06-08},
  year = {2025},
  organization = {Apple Support}
}

@misc{print-windows,
  title = {Usar a Ferramenta de Captura para obter capturas de tela - Suporte da Microsoft},
  url = {https://support.microsoft.com/pt-br/windows/usar-a-ferramenta-de-captura-para-obter-capturas-de-tela-00246869-1843-655f-f220-97299b865f6b},
  urldate = {2025-06-08},
  year = {2025},
  organization = {Microsoft.com}
}

@misc{lightshot,
  title = {Lightshot — ferramenta para captura de tela para Mac & Win},
  url = {https://app.prntscr.com/pt-br/index.html},
  urldate = {2025-06-08},
  year = {2022},
  organization = {Prntscr.com}
}